<record><leader>00000cas a22000007a 4500</leader><controlfield tag="001">12823822</controlfield><controlfield tag="008">851120d18681877ohuwr ne      0    0eng d</controlfield><datafield ind1=" " ind2=" " tag="010"><subfield code="a">sn 85034413 </subfield></datafield><datafield ind1=" " ind2=" " tag="040"><subfield code="a">NPU</subfield><subfield code="b">eng</subfield><subfield code="c">NPU</subfield><subfield code="d">ONP</subfield><subfield code="d">OCLCQ</subfield></datafield><datafield ind1=" " ind2=" " tag="042"><subfield code="a">msc</subfield></datafield><datafield ind1="0" ind2=" " tag="130"><subfield code="a">Grindstone City advertiser (Berea, Ohio : 1868)</subfield></datafield><datafield ind1="1" ind2="0" tag="245"><subfield code="a">Grindstone City advertiser.</subfield></datafield><datafield ind1="3" ind2="0" tag="246"><subfield code="a">Grindstone advertiser</subfield></datafield><datafield ind1=" " ind2=" " tag="260"><subfield code="a">Berea, Ohio :</subfield><subfield code="b">P.B. Gardner, J.M. Wilcox,</subfield><subfield code="c">1868-1877.</subfield></datafield><datafield ind1=" " ind2=" " tag="300"><subfield code="a">v.</subfield></datafield><datafield ind1=" " ind2=" " tag="310"><subfield code="a">Weekly</subfield></datafield><datafield ind1="0" ind2=" " tag="362"><subfield code="a">Vol. 1, no. 10 (Aug. 22, 1868)-v. 10, no. 10 (Aug. 30, 1877).</subfield></datafield><datafield ind1=" " ind2=" " tag="580"><subfield code="a">Daily ed.: Daily Grindstone City advertiser, 1871-&lt;18uu&gt;.</subfield></datafield><datafield ind1=" " ind2="4" tag="651"><subfield code="a">Berea (Ohio)</subfield><subfield code="v">Newspapers.</subfield></datafield><datafield ind1=" " ind2="4" tag="651"><subfield code="a">Cuyahoga County (Ohio)</subfield><subfield code="v">Newspapers.</subfield></datafield><datafield ind1=" " ind2=" " tag="752"><subfield code="a">United States</subfield><subfield code="b">Ohio</subfield><subfield code="c">Cuyahoga</subfield><subfield code="d">Berea.</subfield></datafield><datafield ind1="1" ind2=" " tag="775"><subfield code="t">Daily Grindstone City advertiser</subfield><subfield code="w">(DLC)sn 91069040</subfield></datafield><datafield ind1="0" ind2="0" tag="780"><subfield code="t">Advertiser (Berea, Ohio : 1868)</subfield><subfield code="w">(DLC)sn 90068535</subfield></datafield><datafield ind1="0" ind2="7" tag="785"><subfield code="t">Cuyahoga Republican</subfield><subfield code="w">(DLC)sn 90068898</subfield></datafield><datafield ind1="0" ind2="7" tag="785"><subfield code="t">Cuyahoga Republican and advertiser</subfield><subfield code="w">(DLC)sn 88078699</subfield></datafield><datafield ind1="1" ind2=" " tag="029"><subfield code="a">AU@</subfield><subfield code="b">000024693230</subfield></datafield></record>